@misc{conflict-serializability-in-dbms,
	title     = "Conflict Serializability in DBMS",
	publisher = "geeksforgeeks",
	URL       = "https://www.geeksforgeeks.org/conflict-serializability-in-dbms/"}

@online{semantic-data-model,
	url = "https://en.wikipedia.org/wiki/Semantic_data_model",
	title = "Semantic data model",
	urldate = {2021-07-04},
	keywords = "wiki,definition"
}

@online{database-relationships,
	url = "https://www.ibm.com/docs/en/mam/7.6.0?topic=structure-database-relationships",
	title = "Database relationships",
	urldate = {2021-07-04},
	keywords = "ibm,definition"
}

@online{database-terms-by-ibm,
	url = "https://www.ibm.com/docs/en/mam/7.6.0?topic=design-relational-database-structure",
	title = "Relational database structure",
	urldate = {2021-07-04},
	keywords = "ibm,definition"
}

@online{medium-modality-cardinality,
	url = "https://medium.com/analytics-vidhya/an-in-depth-look-at-database-relationships-cardinality-modality-a3d6bba0ee1e",
	title = "an in depth look at database relationships cardinality modality",
	urldate = {2021-07-04},
	keywords = "medium,definition"
}

@online{database-normalization,
	url = "https://en.wikipedia.org/wiki/Database_normalization",
	title = "Database normalization",
	urldate = {2021-07-25},
	keywords = "wiki,definition"
}

@online{functional-dependency,
	url = "https://en.wikipedia.org/wiki/Functional_dependency",
	title = "Functional dependency",
	urldate = {2021-07-26},
	keywords = "wiki,definition"
}
